% This file was created with JabRef 2.7b.
% Encoding: ISO8859_1

@ARTICLE{catras,
  author = {Aniol, RW},
  title = {Tree-ring analysis using {CATRAS}},
  journal = {Dendrochronologia},
  year = {1983},
  volume = {1},
  pages = {45-53},
  date-added = {2008-11-07 16:11:50 -0500},
  date-modified = {2008-11-07 16:13:07 -0500},
  owner = {pwb48},
  timestamp = {2011.03.08}
}

@ARTICLE{Baillie73,
  author = {Baillie, MGL and Pilcher, JR},
  title = {A simple crossdating program for tree-ring research},
  journal = {Tree-Ring Bulletin},
  year = {1973},
  volume = {33},
  pages = {7--14},
  pdf = {Add data for field: Pdf},
  bdsk-file-1 = {YnBsaXN0MDDUAQIDBAUIJidUJHRvcFgkb2JqZWN0c1gkdmVyc2lvblkkYXJjaGl2ZXLRBgdUcm9vdIABqAkKFRYXGyIjVSRudWxs0wsMDQ4RFFpOUy5vYmplY3RzV05TLmtleXNWJGNsYXNzog8QgASABqISE4ACgAOAB1lhbGlhc0RhdGFccmVsYXRpdmVQYXRo0hgNGRpXTlMuZGF0YU8RAcAAAAAAAcAAAgAADE1hY2ludG9zaCBIRAAAAAAAAAAAAAAAAAAAAMIUqMpIKwAAAA19rQ9iYWlsbGllMTk3My5wZGYAAAAAAAAAAAAAAAAAAAAAAAAAAAAAAAAAAAAAAAAAAAAAAAAAAAAAAAAAAAAAAAAAOuMqxsbmJFBERiBDQVJPAAIABAAACSAAAAAAAAAAAAAAAAAAAAALUERGQXJ0aWNsZXMAABAACAAAwhTvGgAAABEACAAAxsceZAAAAAEAFAANfa0ADX2AAAfWogAH1pUAAHAgAAIATk1hY2ludG9zaCBIRDpVc2VyczpwZXRlcmJyZXdlcjpEb2N1bWVudHM6RGF0YWJhc2VzOlBERkFydGljbGVzOmJhaWxsaWUxOTczLnBkZgAOACAADwBiAGEAaQBsAGwAaQBlADEAOQA3ADMALgBwAGQAZgAPABoADABNAGEAYwBpAG4AdABvAHMAaAAgAEgARAASAEFVc2Vycy9wZXRlcmJyZXdlci9Eb2N1bWVudHMvRGF0YWJhc2VzL1BERkFydGljbGVzL2JhaWxsaWUxOTczLnBkZgAAEwABLwAAFQACABL//wAAgAXSHB0eH1gkY2xhc3Nlc1okY2xhc3NuYW1lox8gIV1OU011dGFibGVEYXRhVk5TRGF0YVhOU09iamVjdF8QNS4uLy4uL0RvY3VtZW50cy9EYXRhYmFzZXMvUERGQXJ0aWNsZXMvYmFpbGxpZTE5NzMucGRm0hwdJCWiJSFcTlNEaWN0aW9uYXJ5EgABhqBfEA9OU0tleWVkQXJjaGl2ZXIACAARABYAHwAoADIANQA6ADwARQBLAFIAXQBlAGwAbwBxAHMAdgB4AHoAfACGAJMAmACgAmQCZgJrAnQCfwKDApECmAKhAtkC3gLhAu4C8wAAAAAAAAIBAAAAAAAAACgAAAAAAAAAAAAAAAAAAAMF},
  date-added = {2009-09-04 15:42:08 -0400},
  date-modified = {2009-09-04 15:43:04 -0400},
  owner = {pwb48},
  timestamp = {2011.03.08}
}

@BOOK{col,
  title = {Species 2000 and ITIS Catalogue of Life: 2007 Annual Checklist CD-ROM},
  publisher = {Species 2000},
  year = {2007},
  author = {Bisby, F A and Roskov, Y R and Ruggiero, M A and Orrell, T M and
	Paglinawan, L E and Brewer, Peter W and Bailly, N and van Hertum,
	J},
  address = {Reading},
  bdsk-url-1 = {http://www.catalogueoflife.org/annual-checklist/2007/},
  owner = {peterbrewer},
  timestamp = {2007.08.09},
  url = {http://www.catalogueoflife.org/annual-checklist/2007/}
}

@ARTICLE{tricycle,
  author = {Brewer, PW and Murphy, D and Jansma, E},
  title = {{TRiCYCLE}: a universal conversion tool for digital tree-ring data},
  journal = {Tree-Ring Research},
  year = {2011},
  volume = {67},
  pages = {135--144},
  owner = {pwb48},
  timestamp = {2011.02.23}
}

@ARTICLE{corina,
  author = {PW Brewer and K Sturgeon and L Madar and SW Manning},
  title = {A new approach to dendrochronological data management},
  journal = {Dendrochronologia},
  year = {2010},
  volume = {28},
  pages = {131-134},
  number = {2},
  bdsk-url-1 = {http://dx.doi.org/10.1016/j.dendro.2009.03.003},
  date-added = {2010-07-02 15:49:34 -0400},
  date-modified = {2010-07-02 15:50:13 -0400},
  owner = {pwb48},
  timestamp = {2011.03.08},
  url = {http://dx.doi.org/10.1016/j.dendro.2009.03.003}
}

@ARTICLE{Cook81,
  author = {Cook, E and Peters, K},
  title = {The Smoothing Spline: A New Approach to Standardizing Forest Interior
	Tree-Ring Width Series for Dendroclimatic Studies},
  journal = {Tree-Ring Bulletin},
  year = {1981},
  volume = {41},
  pages = {45--53},
  owner = {pwb48},
  timestamp = {2011.03.08}
}

@BOOK{CLR,
  title = {Introduction to Algorithms},
  publisher = {The MIT Press},
  year = {2001},
  author = {Cormen, TH and Leiserson, CE and Rivest RL and Stein C},
  owner = {pwb48},
  timestamp = {2011.03.08}
}

@BOOK{Huber70,
  title = {Dendrochronology in Europe},
  year = {1970},
  author = {Huber, B and Fletcher, J},
  chapter = {Dendrochronology in Europe},
  owner = {pwb48},
  timestamp = {2011.03.08}
}

@ARTICLE{tridas,
  author = {Jansma, E and Brewer, PW and Zandhuis, I},
  title = {{TRiDaS} 1.1: The tree-ring data standard},
  journal = {Dendrochronologia},
  year = {2010},
  volume = {28},
  pages = {99--130},
  number = {2},
  date-added = {2008-11-07 16:17:36 -0500},
  date-modified = {2010-05-19 14:01:53 -0400},
  owner = {pwb48},
  timestamp = {2011.03.08}
}

@BOOK{past,
  title = {PAST4 - Personal Analysis System for Treering Research software version
	4.5},
  publisher = {SCIEM},
  year = {2008},
  author = {Knibbe, B},
  bdsk-url-1 = {http://www.sciem.com/},
  date-added = {2008-11-13 13:56:30 -0500},
  date-modified = {2008-11-19 12:13:02 -0500},
  owner = {pwb48},
  timestamp = {2011.03.08},
  url = {http://www.sciem.com/}
}

@ARTICLE{Reinsch67,
  author = {Reinsch, CH},
  title = {Smoothing by Spline Functions},
  journal = {Numerische Mathematik},
  year = {1967},
  volume = {10},
  pages = {177--183},
  owner = {pwb48},
  timestamp = {2011.03.08}
}

@BOOK{tsap,
  title = {TSAP-Win software},
  publisher = {Rinntech},
  year = {2008},
  author = {Rinn, F},
  address = {Heidelberg},
  date-added = {2008-11-07 16:22:57 -0500},
  date-modified = {2008-11-19 12:13:17 -0500},
  owner = {pwb48},
  timestamp = {2011.03.08}
}

@BOOK{dendroforwin,
  title = {Dendro For Windows program guide},
  publisher = {ARCUS Report 500},
  year = {1999},
  author = {IG Tyers},
  date-added = {2010-07-02 15:54:08 -0400},
  date-modified = {2010-07-02 15:54:51 -0400},
  owner = {pwb48},
  timestamp = {2011.03.08}
}

@BOOK{vanLoan,
  title = {Introduction to Scientific Computing: A Matrix-Vector Approach Using
	{MATLAB}},
  publisher = {Prentice Hall},
  year = {1999},
  author = {Van Loan, CF},
  owner = {pwb48},
  timestamp = {2011.03.08}
}

@ARTICLE{wigley1987,
  author = {Wigley, TML and Jones, PD and Briffa, KR},
  title = {Cross-dating methods in dendrochronology},
  journal = {Journal of Archaeological Science},
  year = {1987},
  volume = {14},
  pages = {51--64},
  owner = {pwb48},
  timestamp = {2011.10.20}
}

@comment{jabref-meta: selector_publisher:}

@comment{jabref-meta: selector_author:}

@comment{jabref-meta: selector_journal:}

@comment{jabref-meta: selector_keywords:}

